[{"id": 2677391975, "time": 1642755727.8401761, "type": "sell", "price": "39121.21", "amount": "0.00079812"}, {"id": 2677391774, "time": 1642755717.705375, "type": "sell", "price": "39118.84", "amount": "0.00098650"}, {"id": 2677391773, "time": 1642755717.705215, "type": "sell", "price": "39125.73", "amount": "0.00001215"}, {"id": 2677391767, "time": 1642755717.6813769, "type": "sell", "price": "39125.73", "amount": "0.00098974"}, {"id": 2677391553, "time": 1642755707.323967, "type": "sell", "price": "39137.03", "amount": "0.00092673"}, {"id": 2677391530, "time": 1642755706.384516, "type": "sell", "price": "39135.26", "amount": "0.02270000"}, {"id": 2677391357, "time": 1642755695.478677, "type": "sell", "price": "39137.14", "amount": "0.02371810"}, {"id": 2677391356, "time": 1642755695.47855, "type": "sell", "price": "39144.67", "amount": "0.01500000"}, {"id": 2677391355, "time": 1642755695.4783959, "type": "sell", "price": "39149.95", "amount": "0.03000000"}, {"id": 2677391291, "time": 1642755692.626946, "type": "sell", "price": "39153.97", "amount": "0.00093533"}, {"id": 2677391287, "time": 1642755692.608824, "type": "sell", "price": "39153.97", "amount": "0.00081907"}, {"id": 2677391240, "time": 1642755690.7807519, "type": "buy", "price": "39143.69", "amount": "0.01500000"}, {"id": 2677391230, "time": 1642755690.584352, "type": "buy", "price": "39143.69", "amount": "0.01500000"}, {"id": 2677391229, "time": 1642755690.5828209, "type": "buy", "price": "39139.78", "amount": "0.01500000"}, {"id": 2677391226, "time": 1642755690.572948, "type": "buy", "price": "39139.78", "amount": "0.01500000"}, {"id": 2677391222, "time": 1642755690.0602679, "type": "buy", "price": "39139.78", "amount": "0.01500000"}, {"id": 2677391140, "time": 1642755686.4028239, "type": "sell", "price": "39136.92", "amount": "0.00073610"}, {"id": 2677391057, "time": 1642755682.3738379, "type": "buy", "price": "39135.87", "amount": "0.01500000"}, {"id": 2677391052, "time": 1642755682.112345, "type": "buy", "price": "39135.87", "amount": "0.01500000"}, {"id": 2677391045, "time": 1642755681.84975, "type": "buy", "price": "39135.87", "amount": "0.01500000"}, {"id": 2677391042, "time": 1642755681.5758581, "type": "buy", "price": "39131.96", "amount": "0.01500000"}, {"id": 2677391035, "time": 1642755681.309588, "type": "buy", "price": "39131.96", "amount": "0.01500000"}, {"id": 2677391032, "time": 1642755681.0256829, "type": "buy", "price": "39131.96", "amount": "0.01500000"}, {"id": 2677390744, "time": 1642755663.747865, "type": "sell", "price": "39131.79", "amount": "0.08000000"}, {"id": 2677390712, "time": 1642755662.3400631, "type": "sell", "price": "39131.95", "amount": "0.00350000"}, {"id": 2677390663, "time": 1642755659.712646, "type": "buy", "price": "39131.96", "amount": "0.00084228"}, {"id": 2677390561, "time": 1642755654.8561101, "type": "sell", "price": "39140.00", "amount": "0.00200000"}, {"id": 2677390560, "time": 1642755654.8559711, "type": "sell", "price": "39143.00", "amount": "0.00050546"}, {"id": 2677390559, "time": 1642755654.8557529, "type": "sell", "price": "39145.64", "amount": "0.01500000"}, {"id": 2677390558, "time": 1642755654.855592, "type": "sell", "price": "39146.41", "amount": "0.03505651"}, {"id": 2677390556, "time": 1642755654.7575541, "type": "sell", "price": "39146.42", "amount": "0.08000000"}, {"id": 2677390250, "time": 1642755640.558852, "type": "sell", "price": "39180.00", "amount": "0.00224451"}, {"id": 2677390213, "time": 1642755637.7996299, "type": "buy", "price": "39181.17", "amount": "0.00420040"}, {"id": 2677390190, "time": 1642755636.239296, "type": "sell", "price": "39179.21", "amount": "0.20611063"}, {"id": 2677389790, "time": 1642755614.959321, "type": "sell", "price": "39175.53", "amount": "0.00057462"}, {"id": 2677389738, "time": 1642755612.4459851, "type": "buy", "price": "39175.54", "amount": "0.05105226"}, {"id": 2677389546, "time": 1642755601.558094, "type": "buy", "price": "39152.39", "amount": "0.00098801"}, {"id": 2677389545, "time": 1642755601.505842, "type": "sell", "price": "39152.38", "amount": "0.00133516"}, {"id": 2677389540, "time": 1642755601.268105, "type": "buy", "price": "39152.39", "amount": "0.01487318"}, {"id": 2677389491, "time": 1642755598.6944849, "type": "buy", "price": "39152.39", "amount": "0.00214246"}, {"id": 2677389486, "time": 1642755598.682147, "type": "buy", "price": "39152.39", "amount": "0.00098436"}, {"id": 2677389343, "time": 1642755590.5643771, "type": "sell", "price": "39152.38", "amount": "0.00084780"}, {"id": 2677389338, "time": 1642755590.466042, "type": "buy", "price": "39152.39", "amount": "0.03600000"}, {"id": 2677389313, "time": 1642755589.3594761, "type": "buy", "price": "39152.39", "amount": "0.00100000"}, {"id": 2677389289, "time": 1642755588.2792301, "type": "buy", "price": "39152.39", "amount": "0.00150000"}, {"id": 2677389285, "time": 1642755588.238203, "type": "buy", "price": "39146.41", "amount": "0.00171380"}, {"id": 2677388955, "time": 1642755571.009989, "type": "sell", "price": "39146.41", "amount": "0.01500000"}, {"id": 2677388938, "time": 1642755570.2026041, "type": "buy", "price": "39148.07", "amount": "0.01277327"}, {"id": 2677388937, "time": 1642755570.2024331, "type": "buy", "price": "39146.50", "amount": "0.01277327"}, {"id": 2677388936, "time": 1642755570.2022231, "type": "buy", "price": "39144.24", "amount": "0.01500000"}, {"id": 2677388931, "time": 1642755569.898073, "type": "buy", "price": "39146.42", "amount": "0.06500000"}, {"id": 2677388930, "time": 1642755569.8979261, "type": "buy", "price": "39144.24", "amount": "0.01500000"}, {"id": 2677388921, "time": 1642755569.702225, "type": "buy", "price": "39146.56", "amount": "0.08000000"}, {"id": 2677388919, "time": 1642755569.594214, "type": "buy", "price": "39147.06", "amount": "0.00650328"}, {"id": 2677388918, "time": 1642755569.594048, "type": "buy", "price": "39134.71", "amount": "0.01500000"}, {"id": 2677388868, "time": 1642755567.3404031, "type": "buy", "price": "39128.56", "amount": "0.00330312"}, {"id": 2677388858, "time": 1642755567.1159251, "type": "buy", "price": "39128.56", "amount": "0.00181945"}, {"id": 2677388805, "time": 1642755565.1905041, "type": "sell", "price": "39137.54", "amount": "0.01500000"}, {"id": 2677388804, "time": 1642755565.190351, "type": "sell", "price": "39138.53", "amount": "0.01200177"}, {"id": 2677388801, "time": 1642755565.0891991, "type": "sell", "price": "39138.53", "amount": "0.00299823"}, {"id": 2677388800, "time": 1642755565.0890851, "type": "sell", "price": "39138.55", "amount": "0.01500000"}, {"id": 2677388799, "time": 1642755565.088973, "type": "sell", "price": "39139.30", "amount": "0.01500000"}, {"id": 2677388798, "time": 1642755565.08885, "type": "sell", "price": "39139.49", "amount": "0.01500000"}, {"id": 2677388797, "time": 1642755565.088727, "type": "sell", "price": "39139.50", "amount": "0.01500000"}, {"id": 2677388796, "time": 1642755565.088604, "type": "sell", "price": "39139.70", "amount": "0.01500000"}, {"id": 2677388795, "time": 1642755565.088454, "type": "sell", "price": "39141.37", "amount": "0.00200177"}, {"id": 2677388671, "time": 1642755558.2308409, "type": "sell", "price": "39149.42", "amount": "0.00149612"}, {"id": 2677388557, "time": 1642755550.7787049, "type": "sell", "price": "39150.13", "amount": "0.01182122"}, {"id": 2677388541, "time": 1642755550.184072, "type": "sell", "price": "39165.00", "amount": "0.05680781"}, {"id": 2677388421, "time": 1642755543.1548059, "type": "buy", "price": "39173.07", "amount": "0.00567789"}, {"id": 2677388325, "time": 1642755537.417063, "type": "buy", "price": "39171.52", "amount": "0.00510575"}, {"id": 2677388169, "time": 1642755528.6391859, "type": "sell", "price": "39172.31", "amount": "0.00127389"}, {"id": 2677388094, "time": 1642755525.015631, "type": "buy", "price": "39177.66", "amount": "0.00098305"}, {"id": 2677388066, "time": 1642755524.0776811, "type": "buy", "price": "39177.68", "amount": "0.00387617"}, {"id": 2677387998, "time": 1642755520.2573049, "type": "buy", "price": "39182.98", "amount": "0.00052892"}, {"id": 2677387974, "time": 1642755518.2401741, "type": "sell", "price": "39183.95", "amount": "0.00099200"}, {"id": 2677387973, "time": 1642755518.239686, "type": "sell", "price": "39183.95", "amount": "0.00100869"}, {"id": 2677387950, "time": 1642755517.3435881, "type": "sell", "price": "39182.85", "amount": "0.00092567"}, {"id": 2677387892, "time": 1642755514.124445, "type": "sell", "price": "39180.12", "amount": "0.00098824"}, {"id": 2677387812, "time": 1642755509.6684971, "type": "sell", "price": "39191.77", "amount": "0.00098395"}, {"id": 2677387810, "time": 1642755509.6310911, "type": "sell", "price": "39193.34", "amount": "0.00098419"}, {"id": 2677387758, "time": 1642755506.6861939, "type": "buy", "price": "39197.80", "amount": "0.00137328"}, {"id": 2677387755, "time": 1642755506.633112, "type": "buy", "price": "39197.80", "amount": "0.00154634"}, {"id": 2677387695, "time": 1642755503.426388, "type": "sell", "price": "39203.91", "amount": "0.00127949"}, {"id": 2677387694, "time": 1642755503.4180961, "type": "sell", "price": "39203.91", "amount": "0.00098768"}, {"id": 2677387672, "time": 1642755502.2390749, "type": "sell", "price": "39203.91", "amount": "0.00172751"}, {"id": 2677387583, "time": 1642755497.1311891, "type": "sell", "price": "39203.91", "amount": "0.00075847"}, {"id": 2677387580, "time": 1642755497.1150169, "type": "sell", "price": "39203.91", "amount": "0.00069548"}, {"id": 2677387499, "time": 1642755492.2660539, "type": "buy", "price": "39203.33", "amount": "0.01500000"}, {"id": 2677387497, "time": 1642755491.9941549, "type": "buy", "price": "39203.33", "amount": "0.00633832"}, {"id": 2677387496, "time": 1642755491.9939859, "type": "buy", "price": "39203.28", "amount": "0.00866168"}, {"id": 2677387495, "time": 1642755491.724052, "type": "buy", "price": "39203.28", "amount": "0.00633832"}, {"id": 2677387494, "time": 1642755491.7239001, "type": "buy", "price": "39200.00", "amount": "0.00866168"}, {"id": 2677387488, "time": 1642755491.395437, "type": "buy", "price": "39200.00", "amount": "0.01500000"}, {"id": 2677387479, "time": 1642755491.1000481, "type": "buy", "price": "39200.00", "amount": "0.01500000"}, {"id": 2677387472, "time": 1642755490.7983811, "type": "buy", "price": "39200.00", "amount": "0.01500000"}, {"id": 2677387468, "time": 1642755490.5084679, "type": "buy", "price": "39200.00", "amount": "0.01500000"}, {"id": 2677387461, "time": 1642755490.222023, "type": "buy", "price": "39200.00", "amount": "0.01500000"}, {"id": 2677387455, "time": 1642755489.918396, "type": "buy", "price": "39200.00", "amount": "0.01500000"}, {"id": 2677387444, "time": 1642755489.6384611, "type": "buy", "price": "39199.37", "amount": "0.01500000"}, {"id": 2677387442, "time": 1642755489.4466801, "type": "buy", "price": "39200.00", "amount": "0.00650000"}]